@preamble{ "\newcommand{\noopsort}[1]{} "
	# "\newcommand{\printfirst}[2]{#1} "
	# "\newcommand{\singleletter}[1]{#1} "
	# "\newcommand{\switchargs}[2]{#2#1} " }

@article{clanok,
    title = 	{Názov článku z časopisu},
    author =	{X. Autor1 and Y. Autor2},
    journal = {Názov časopisu, ktorý článok uverejnil},
    volume = {4},
    number = {3},
    year = {1900},
    pages = {1-100},
}

@article{griggs_yeh_tree,
  title={Labelling graphs with a condition at distance 2},
  author={Griggs, Jerrold R and Yeh, Roger K},
  journal={SIAM Journal on Discrete Mathematics},
  volume={5},
  number={4},
  pages={586--595},
  year={1992},
  publisher={SIAM}
}

@article{color_survey,
  title={Algorithmic aspects of distance constrained labeling: a survey},
  author={Hasunuma, Toru and Ishii, Toshimasa and Ono, Hirotaka and Uno, Yushi},
  journal={International Journal of Networking and Computing},
  volume={4},
  number={2},
  pages={251--259},
  year={2014},
  publisher={IJNC 編集委員会}
}

@article{chang_kuo,
  title={The L(2,1)-labeling problem on graphs},
  author={Chang, Gerard J and Kuo, David},
  journal={SIAM Journal on Discrete Mathematics},
  volume={9},
  number={2},
  pages={309--316},
  year={1996},
  publisher={SIAM}
}
